
% Journals

% First the Full Name is given, then the abbreviation used in the AMS Math
% Reviews, with an indication if it could not be found there.
% Note the 2nd overwrites the 1st, so swap them if you want the full name.

 %{AMS}
 @String{AMSTrans = "American Mathematical Society Translations" }
 @String{AMSTrans = "Amer. Math. Soc. Transl." }
 @String{BullAMS = "Bulletin of the American Mathematical Society" }
 @String{BullAMS = "Bull. Amer. Math. Soc." }
 @String{ProcAMS = "Proceedings of the American Mathematical Society" }
 @String{ProcAMS = "Proc. Amer. Math. Soc." }
 @String{TransAMS = "Transactions of the American Mathematical Society" }
 @String{TransAMS = "Trans. Amer. Math. Soc." }

 %ACM
 @String{CACM = "Communications of the {ACM}" }
 @String{CACM = "Commun. {ACM}" }
 @String{CompServ = "Comput. Surveys" }
 @String{JACM = "J. ACM" }
 @String{ACMMathSoft = "{ACM} Transactions on Mathematical Software" }
 @String{ACMMathSoft = "{ACM} Trans. Math. Software" }
 @String{SIGNUM = "{ACM} {SIGNUM} Newsletter" }
 @String{SIGNUM = "{ACM} {SIGNUM} Newslett." }

 @String{AmerSocio = "American Journal of Sociology" }
 @String{AmerStatAssoc = "Journal of the American Statistical Association" }
 @String{AmerStatAssoc = "J. Amer. Statist. Assoc." }
 @String{ApplMathComp = "Applied Mathematics and Computation" }
 @String{ApplMathComp = "Appl. Math. Comput." }
 @String{AmerMathMonthly = "American Mathematical Monthly" }
 @String{AmerMathMonthly = "Amer. Math. Monthly" }
 @String{BIT = "{BIT}" }
 @String{BritStatPsych = "British Journal of Mathematical and Statistical
          Psychology" }
 @String{BritStatPsych = "Brit. J. Math. Statist. Psych." }
 @String{CanMathBull = "Canadian Mathematical Bulletin" }
 @String{CanMathBull = "Canad. Math. Bull." }
 @String{CompApplMath = "Journal of Computational and Applied Mathematics" }
 @String{CompApplMath = "J. Comput. Appl. Math." }
 @String{CompPhys = "Journal of Computational Physics" }
 @String{CompPhys = "J. Comput. Phys." }
 @String{CompStruct = "Computers and Structures" }
 @String{CompStruct = "Comput. \& Structures" }
 @String{CompJour = "The Computer Journal" }
 @String{CompJour = "Comput. J." }
 @String{CompSysSci = "Journal of Computer and System Sciences" }
 @String{CompSysSci = "J. Comput. System Sci." }
 @String{Computing = "Computing" }
 @String{ContempMath = "Contemporary Mathematics" }
 @String{ContempMath = "Contemp. Math." }
 @String{Crelle = "Crelle's Journal" }
 @String{GiornaleMath = "Giornale di Mathematiche" }
 @String{GiornaleMath = "Giorn. Mat." } % didn't find in AMS MR., ibid.

 %IEEE
 @String{Computer = "{IEEE} Computer" }
 @String{IEEETransComp = "{IEEE} Transactions on Computers" }
 @String{IEEETransComp = "{IEEE} Trans. Comput." }
 @String{IEEETransAC = "{IEEE} Transactions on Automatic Control" }
 @String{IEEETransAC = "{IEEE} Trans. Automat. Control" }
 @String{IEEESpec = "{IEEE} Spectrum" } % didn't find in AMS MR
 @String{ProcIEEE = "Proceedings of the {IEEE}" }
 @String{ProcIEEE = "Proc. {IEEE}" } % didn't find in AMS MR
 @String{IEEETransAeroElec = "{IEEE} Transactions on Aerospace and Electronic
     Systems" }
 @String{IEEETransAeroElec = "{IEEE} Trans. Aerospace Electron. Systems" }

 @String{IMANumerAna = "{IMA} Journal of Numerical Analysis" }
 @String{IMANumerAna = "{IMA} J. Numer. Anal." }
 @String{InfProcLet = "Information Processing Letters" }
 @String{InfProcLet = "Inform. Process. Lett." }
 @String{InstMathApp = "Journal of the Institute of Mathematics and
     its Applications" }
 @String{InstMathApp = "J. Inst. Math. Appl." }
 @String{IntControl = "International Journal of Control" }
 @String{IntControl = "Internat. J. Control" }
 @String{IntNumerEng = "International Journal for Numerical Methods in
     Engineering" }
 @String{IntNumerEng = "Internat. J. Numer. Methods Engrg." }
 @String{IntSuper = "International Journal of Supercomputing Applications" }
 @String{IntSuper = "Internat. J. Supercomputing Applic." } % didn't find
%% in AMS MR
 @String{Kibernetika = "Kibernetika" }
 @String{JResNatBurStand = "Journal of Research of the National Bureau
     of Standards" }
 @String{JResNatBurStand = "J. Res. Nat. Bur. Standards" }
 @String{LinAlgApp = "Linear Algebra and its Applications" }
 @String{LinAlgApp = "Linear Algebra Appl." }
 @String{MathAnaAppl = "Journal of Mathematical Analysis and Applications" }
 @String{MathAnaAppl = "J. Math. Anal. Appl." }
 @String{MathAnnalen = "Mathematische Annalen" }
 @String{MathAnnalen = "Math. Ann." }
 @String{MathPhys = "Journal of Mathematical Physics" }
 @String{MathPhys = "J. Math. Phys." }
 @String{MathComp = "Mathematics of Computation" }
 @String{MathComp = "Math. Comp." }
 @String{MathScand = "Mathematica Scandinavica" }
 @String{MathScand = "Math. Scand." }
 @String{TablesAidsComp = "Mathematical Tables and Other Aids to Computation" }
 @String{TablesAidsComp = "Math. Tables Aids Comput." }
 @String{NumerMath = "Numerische Mathematik" }
 @String{NumerMath = "Numer. Math." }
 @String{PacificMath = "Pacific Journal of Mathematics" }
 @String{PacificMath = "Pacific J. Math." }
 @String{ParDistComp = "Journal of Parallel and Distributed Computing" }
 @String{ParDistComp = "J. Parallel and Distrib. Comput." } % didn't find
%% in AMS MR
 @String{ParComputing = "Parallel Computing" }
 @String{ParComputing = "Parallel Comput." }
 @String{PhilMag = "Philosophical Magazine" }
 @String{PhilMag = "Philos. Mag." }
 @String{ProcNAS = "Proceedings of the National Academy of Sciences
                    of the USA" }
 @String{ProcNAS = "Proc. Nat. Acad. Sci. U. S. A." }
 @String{Psychometrika = "Psychometrika" }
 @String{QuartMath = "Quarterly Journal of Mathematics, Oxford, Series (2)" }
 @String{QuartMath = "Quart. J. Math. Oxford Ser. (2)" }
 @String{QuartApplMath = "Quarterly of Applied Mathematics" }
 @String{QuartApplMath = "Quart. Appl. Math." }
 @String{RevueInstStat = "Review of the International Statisical Institute" }
 @String{RevueInstStat = "Rev. Inst. Internat. Statist." }

 %SIAM
 @String{JSIAM = "Journal of the Society for Industrial and Applied
     Mathematics" }
 @String{JSIAM = "J. Soc. Indust. Appl. Math." }
 @String{JSIAMB = "Journal of the Society for Industrial and Applied
     Mathematics, Series B, Numerical Analysis" }
 @String{JSIAMB = "J. Soc. Indust. Appl. Math. Ser. B Numer. Anal." }
 @String{SIAMAlgMeth = "{SIAM} Journal on Algebraic and Discrete Methods" }
 @String{SIAMAlgMeth = "{SIAM} J. Algebraic Discrete Methods" }
 @String{SIAMAppMath = "{SIAM} Journal on Applied Mathematics" }
 @String{SIAMAppMath = "{SIAM} J. Appl. Math." }
 @String{SIAMComp = "{SIAM} Journal on Computing" }
 @String{SIAMComp = "{SIAM} J. Comput." }
 @String{SIAMMatrix = "{SIAM} Journal on Matrix Analysis and Applications" }
 @String{SIAMMatrix = "{SIAM} J. Matrix Anal. Appl." }
 @String{SIAMNumAnal = "{SIAM} Journal on Numerical Analysis" }
 @String{SIAMNumAnal = "{SIAM} J. Numer. Anal." }
 @String{SIAMReview = "{SIAM} Review" }
 @String{SIAMReview = "{SIAM} Rev." }
 @String{SIAMSciStat = "{SIAM} Journal on Scientific and Statistical
     Computing" }
 @String{SIAMSciStat = "{SIAM} J. Sci. Statist. Comput." }

 @String{SoftPracExp = "Software Practice and Experience" }
 @String{SoftPracExp = "Software Prac. Experience" } % didn't find in AMS MR
 @String{StatScience = "Statistical Science" }
 @String{StatScience = "Statist. Sci." }
 @String{Techno = "Technometrics" }
 @String{USSRCompMathPhys = "{USSR} Computational Mathematics and Mathematical
     Physics" }
 @String{USSRCompMathPhys = "{U. S. S. R.} Comput. Math. and Math. Phys." }
 @String{VLSICompSys = "Journal of {VLSI} and Computer Systems" }
 @String{VLSICompSys = "J. {VLSI} Comput. Syst." }
 @String{ZAngewMathMech = "Zeitschrift fur Angewandte Mathematik und
     Mechanik" }
 @String{ZAngewMathMech = "Z. Angew. Math. Mech." }
 @String{ZAngewMathPhys = "Zeitschrift fur Angewandte Mathematik und Physik" }
 @String{ZAngewMathPhys = "Z. Angew. Math. Phys." }

% Publishers % ================================================= |

 @String{Academic = "Academic Press" }
 @String{ACMPress = "{ACM} Press" }
 @String{AdamHilger = "Adam Hilger" }
 @String{AddisonWesley = "Addison-Wesley" }
 @String{AllynBacon = "Allyn and Bacon" }
 @String{AMS = "American Mathematical Society" }
 @String{Birkhauser = "Birkha{\"u}ser" }
 @String{CambridgePress = "Cambridge University Press" }
 @String{Chelsea = "Chelsea" }
 @String{ClaredonPress = "Claredon Press" }
 @String{DoverPub = "Dover Publications" }
 @String{Eyolles = "Eyolles" }
 @String{HoltRinehartWinston = "Holt, Rinehart and Winston" }
 @String{Interscience = "Interscience" }
 @String{JohnsHopkinsPress = "The Johns Hopkins University Press" }
 @String{JohnWileySons = "John Wiley and Sons" }
 @String{Macmillan = "Macmillan" }
 @String{MathWorks = "The Math Works Inc." }
 @String{McGrawHill = "McGraw-Hill" }
 @String{NatBurStd = "National Bureau of Standards" }
 @String{NorthHolland = "North-Holland" }
 @String{OxfordPress = "Oxford University Press" }  %address Oxford or London?
 @String{PergamonPress = "Pergamon Press" }
 @String{PlenumPress = "Plenum Press" }
 @String{PrenticeHall = "Prentice-Hall" }
 @String{SIAMPub = "{SIAM} Publications" }
 @String{Springer = "Springer-Verlag" }
 @String{TexasPress = "University of Texas Press" }
 @String{VanNostrand = "Van Nostrand" }
 @String{WHFreeman = "W. H. Freeman and Co." }

%Entries
 @inproceedings{xgboost,
  author    = {Chen, Tianqi and Guestrin, Carlos},
  title     = {{XGBoost}: A Scalable Tree Boosting System},
  booktitle = {Proceedings of the 22nd ACM SIGKDD International Conference on Knowledge Discovery and Data Mining},
  series    = {KDD '16},
  year      = {2016},
  isbn      = {978-1-4503-4232-2},
  location  = {San Francisco, California, USA},
  pages     = {785--794},
  numpages  = {10},
  url       = {http://doi.acm.org/10.1145/2939672.2939785},
  doi       = {10.1145/2939672.2939785},
  acmid     = {2939785},
  publisher = {ACM},
  address   = {New York, NY, USA},
  keywords  = {large-scale machine learning}
}

@inproceedings{xgbcomp,
  author    = {Ferreira, Luís and Pilastri, André and Martins, Carlos Manuel and Pires, Pedro Miguel and Cortez, Paulo},
  booktitle = {2021 International Joint Conference on Neural Networks (IJCNN)},
  title     = {A Comparison of AutoML Tools for Machine Learning, Deep Learning and XGBoost},
  year      = {2021},
  volume    = {},
  number    = {},
  pages     = {1-8},
  keywords  = {Water;Deep learning;Machine learning algorithms;Computer architecture;Tools;Benchmark testing;Predictive models;Automated Deep Learning (AutoDL);Automated Machine Learning (AutoML);Benchmarking;Classification;Neural Architecture Search (NAS);Regression;Software;Supervised Learning},
  doi       = {10.1109/IJCNN52387.2021.9534091}
}



@article{resnet,
  author     = {Kaiming He and
                Xiangyu Zhang and
                Shaoqing Ren and
                Jian Sun},
  title      = {Deep Residual Learning for Image Recognition},
  journal    = {CoRR},
  volume     = {abs/1512.03385},
  year       = {2015},
  url        = {http://arxiv.org/abs/1512.03385},
  eprinttype = {arXiv},
  eprint     = {1512.03385},
  timestamp  = {Wed, 25 Jan 2023 11:01:16 +0100},
  biburl     = {https://dblp.org/rec/journals/corr/HeZRS15.bib},
  bibsource  = {dblp computer science bibliography, https://dblp.org}
}

@inproceedings{pcapaper,
  title     = {On lines and planes of closest fit to systems of points in space},
  author    = {KPFRS, LIII},
  booktitle = {Proceedings of the 17th ACM SIGACT-SIGMOD-SIGART symposium on Principles of database systems (SIGMOD)},
  pages     = {19},
  year      = {1901}
}


  address   = {New York, NY, USA},
  keywords  = {large-scale machine learning}
}


@misc{geolifeclef-2024,
  author    = {Joly, Alexis and Leblanc, César and ChrisBotella and DZombie and Servajean, Maximilien  and picekl and tlarcher},
  title     = {Geo{L}ife{CLEF} 2024 @ {L}ife{CLEF} \& {CVPR}-{FGVC}},
  publisher = {Kaggle},
  year      = {2024},
  url       = {https://kaggle.com/competitions/geolifeclef-2024}
}

@misc{human-footprint-dataset-2016,
  author    = {Oscar Venter and Eric W. Sanderson and Ainhoa Magrach and James R. Allan and Jutta Beher and Kendall R. Jones and Hugh P. Possingham and William F. Laurance and Peter Wood and Balázs M. Fekete and Marc A. Levy and James E. M. Watson},
  title     = {Global terrestrial Human Footprint maps for 1993 and 2009},
  publisher = {Dryad},
  year      = {2016},
  url       = {https://doi.org/10.5061/dryad.052q5}
}

% Missing information
@inproceedings{Seneviratne:CLEF-2021,
  title     = {Contrastive Representation Learning for Natural World Imagery: Habitat prediction for 30,000 species},
  author    = {Sachith Seneviratne},
  pages     = {1639--1648},
  url       = {http://ceur-ws.org/Vol-2936/#paper-140},
  booktitle = {CLEF-2021}
  title    = {Contrastive Representation Learning for Natural World Imagery: Habitat prediction for 30,000 species},
  author   = {Sachith Seneviratne},
  pages    = {1639--1648},
  url      = {http://ceur-ws.org/Vol-2936/#paper-140},
  booktitle = {CLEF-2021},
  year     = {2021}
}

% Missing information
@inproceedings{KellenbergerDevis:CLEF2022,
  title     = {Block Label Swap for Species Distribution Modelling},
  author    = {Benjamin Kellenberger and Tuia Devis},
  pages     = {2103--2114},
  url       = {http://ceur-ws.org/Vol-3180/#paper-167},
  booktitle = {CLEF2022}
  title    = {Block Label Swap for Species Distribution Modelling},
  author   = {Benjamin Kellenberger and Tuia Devis},
  pages    = {2103--2114},
  url      = {http://ceur-ws.org/Vol-3180/#paper-167},
  booktitle = {CLEF-2022},
  year     = {2022}
}

% Missing information
@inproceedings{UngKojimaWada:CLEF2023,
  title     = {Leverage Samples with Single Positive Labels to Train CNN-based Models For Multi-label Plant Species Prediction},
  author    = {Huy Quang Ung and Ryoichi Kojima and Shinya Wada},
  pages     = {2149--2158},
  url       = {http://ceur-ws.org/Vol-3497/#paper-181},
  booktitle = {CLEF2023}
  title    = {Leverage Samples with Single Positive Labels to Train CNN-based Models For Multi-label Plant Species Prediction},
  author   = {Huy Quang Ung and Ryoichi Kojima and Shinya Wada},
  pages    = {2149--2158},
  url      = {http://ceur-ws.org/Vol-3497/#paper-181},
  booktitle = {CLEF-2023},
  year     = {2023}
}

@article{missingmedian,
  title={Dealing with Missing Values in Data.},
  author={Kaiser, Ji{\v{r}}{\'\i}},
  journal={Journal of Systems Integration (1804-2724)},
  volume={5},
  number={1},
  year={2014}
}

@misc{dosovitskiy2021image,
  title         = {An Image is Worth 16x16 Words: Transformers for Image Recognition at Scale},
  author        = {Alexey Dosovitskiy and Lucas Beyer and Alexander Kolesnikov and Dirk Weissenborn and Xiaohua Zhai and Thomas Unterthiner and Mostafa Dehghani and Matthias Minderer and Georg Heigold and Sylvain Gelly and Jakob Uszkoreit and Neil Houlsby},
  year          = {2021},
  eprint        = {2010.11929},
  archiveprefix = {arXiv},
  primaryclass  = {cs.CV}
}

@article{vaswani2017attention,
  title   = {Attention is all you need},
  author  = {Vaswani, Ashish and Shazeer, Noam and Parmar, Niki and Uszkoreit, Jakob and Jones, Llion and Gomez, Aidan N and Kaiser, {\L}ukasz and Polosukhin, Illia},
  journal = {Advances in neural information processing systems},
  volume  = {30},
  year    = {2017}
}

@article{brown2020language,
  title   = {Language models are few-shot learners},
  author  = {Brown, Tom and Mann, Benjamin and Ryder, Nick and Subbiah, Melanie and Kaplan, Jared D and Dhariwal, Prafulla and Neelakantan, Arvind and Shyam, Pranav and Sastry, Girish and Askell, Amanda and others},
  journal = {Advances in neural information processing systems},
  volume  = {33},
  pages   = {1877--1901},
  year    = {2020}
}

